@misc{bradford_2017_the,
  author = {Bradford, Alina and Harvey, Alisa},
  publisher = {Live Science},
  title = {The Five (and More) Senses},
  url = {https://www.livescience.com/60752-human-senses.html},
  urldate = {2023-12-26},
  year = {2017},
  organization = {Live Science}
}

@misc{worldhealthorganization_2023_blindness,
  author = {World Health Organization},
  month = {08},
  title = {Blindness and Vision Impairment},
  url = {https://www.who.int/news-room/fact-sheets/detail/blindness-and-visual-impairment},
  urldate = {2023-12-26},
  year = {2023},
  organization = {World Health Organization}
}

@book{maaikelangelaan_2007_quality,
  author = {Maaike Langelaan},
  pages = {126-124},
  title = {Quality of Life of Visually Impaired Working Age Adults},
  url = {https://www.researchgate.net/publication/239845719_Quality_of_life_of_visually_impaired_working_age_adults},
  urldate = {2023-12-26},
  year = {2007}
}

@misc{wikipediacontributors_2019_mixed,
  author = {Wikipedia Contributors},
  month = {04},
  publisher = {Wikimedia Foundation},
  title = {Mixed Reality},
  url = {https://en.wikipedia.org/wiki/Mixed_reality},
  urldate = {2023-12-26},
  year = {2019},
  organization = {Wikipedia}
}

@misc{morgan_2021_the,
  author = {Morgan, Kendall K.},
  month = {05},
  title = {The Role of Augmented Reality in Medicine},
  url = {https://www.webmd.com/a-to-z-guides/features/augmented-reality-medicine},
  urldate = {2023-12-30},
  year = {2021},
  organization = {WebMD}
}